@article{wikimediaRnn,
    title = {{Recurrent Neural Network unfold}},
    year = {2005},
    author = {{Wikimedia Commons}}},
    url = {https://commons.wikimedia.org/wiki/File:Recurrent_neural_network_unfold.svg}
}

@article{wikimediaLstm,
    title = {{Recurrent Neural Network unfold}},
    year = {2005},
    author = {{Wikimedia Commons}}},
    url = {https://commons.wikimedia.org/wiki/File:Recurrent_neural_network_unfold.svg}
}


@article{wikimediaGru,
    title = {{Gate Recurrent Unit}},
    year = {2017},
    author = {{Wikimedia Commons}}},
    url = {https://commons.wikimedia.org/wiki/File:Gated_Recurrent_Unit.svg}
}