@article{Sadeghi2016,
    title = {{(CAD)²RL: Real Single-Image Flight without a Single Real Image}},
    year = {2016},
    journal = {ArXiv},
    author = {Sadeghi, Fereshteh and Levine, Sergey},
    pages = {11},
    url = {http://arxiv.org/abs/1611.04201},
    arxivId = {1611.04201}
}

@book{IEEEInternationalWorkshoponSignalProcessingAdvancesinWirelessCommunications18.2017Sapporo,
    title = {{2017 IEEE 18th International Workshop on Signal Processing Advances in Wireless Communications (SPAWC) 3-6 July 2017}},
    author = {{IEEE International Workshop on Signal Processing Advances in Wireless Communications 18. 2017 Sapporo} and {Institute of Electrical and Electronics Engineers} and {IEEE Signal Processing Society} and {IEEE International Workshop on Signal Processing Advances in Wireless Communications 18 2017.07.03-06 Sapporo} and {SPAWC 18 2017.07.03-06 Sapporo}},
    isbn = {9781509030095}
}

@inproceedings{yau2009context,
    title = {{A context-aware and intelligent dynamic channel selection scheme for cognitive radio networks}},
    year = {2009},
    booktitle = {Cognitive Radio Oriented Wireless Networks and Communications, 2009. CROWNCOM'09. 4th International Conference on},
    author = {Yau, Kok-Lim Alvin and Komisarczuk, Peter and Teal, Paul D},
    pages = {1--6},
    organization = {IEEE}
}

@article{amiri2018machine,
    title = {{A Machine Learning Approach for Power Allocation in HetNets Considering QoS}},
    year = {2018},
    journal = {arXiv preprint arXiv:1803.06760},
    author = {Amiri, Roohollah and Mehrpouyan, Hani and Fridman, Lex and Mallik, Ranjan K and Nallanathan, Arumugam and Matolak, David}
}

@inproceedings{bennis2010q,
    title = {{A Q-learning based approach to interference avoidance in self-organized femtocell networks}},
    year = {2010},
    booktitle = {GLOBECOM Workshops (GC Wkshps), 2010 IEEE},
    author = {Bennis, Mehdi and Niyato, Dusit},
    pages = {706--710},
    organization = {IEEE}
}

@article{Paulin2017,
    title = {{A Recurrent Neural Network Speech Recognition Chip Semester Project}},
    year = {2017},
    author = {Paulin, Gianna and Susmelj, Igor},
    number = {January}
}

@inproceedings{Ghadimi2017,
    title = {{A reinforcement learning approach to power control and rate adaptation in cellular networks}},
    year = {2017},
    booktitle = {2017 IEEE International Conference on Communications (ICC)},
    author = {Ghadimi, Euhanna and Davide Calabrese, Francesco and Peters, Gunnar and Soldati, Pablo},
    month = {5},
    pages = {1--7},
    publisher = {IEEE},
    url = {http://ieeexplore.ieee.org/document/7997440/},
    isbn = {978-1-4673-8999-0},
    doi = {10.1109/ICC.2017.7997440}
}

@article{Benninger2018a,
    title = {{A Wireless Sensor Network for HPC Monitoring Semester Project}},
    year = {2018},
    author = {Benninger, Simon},
    number = {January}
}

@article{Benninger2018,
    title = {{A Wireless Sensor Network for HPC Monitoring Student : High Performance Computing ( HPC )}},
    year = {2018},
    author = {Benninger, Simon and Magno, Supervisors Michele and Libri, Antonio and Bartolini, Andrea}
}

@article{bai2018empirical,
    title = {{An empirical evaluation of generic convolutional and recurrent networks for sequence modeling}},
    year = {2018},
    journal = {arXiv preprint arXiv:1803.01271},
    author = {Bai, Shaojie and Kolter, J Zico and Koltun, Vladlen}
}

@inproceedings{shi2011iteratively,
    title = {{An iteratively weighted MMSE approach to distributed sum-utility maximization for a MIMO interfering broadcast channel}},
    year = {2011},
    booktitle = {Acoustics, Speech and Signal Processing (ICASSP), 2011 IEEE International Conference on},
    author = {Shi, Qingjiang and Razaviyayn, Meisam and Luo, Zhi-Quan and He, Chen},
    pages = {3060--3063},
    organization = {IEEE}
}

@inproceedings{abdel2012applying,
    title = {{Applying convolutional neural networks concepts to hybrid NN-HMM model for speech recognition}},
    year = {2012},
    booktitle = {Acoustics, Speech and Signal Processing (ICASSP), 2012 IEEE International Conference on},
    author = {Abdel-Hamid, Ossama and Mohamed, Abdel-rahman and Jiang, Hui and Penn, Gerald},
    pages = {4277--4280},
    organization = {IEEE}
}

@article{Juang2006,
    title = {{Automatic speech recognition – a brief history of the technology development}},
    year = {2006},
    journal = {Encyclopedia of Language and Linguistics},
    author = {Juang, Biing-Hwang and Rabiner, Lawrence R.},
    isbn = {9780080442990},
    doi = {10.1016/B0-08-044854-2/00906-8},
    keywords = {Speech recognition, acoustic modeling, automatic transcription, dialog systems, finite state network, hidden Markov models, keyword spotting, language modeling, neural networks, office automation, pattern recognition, spectral analysis, speech understanding, statistical modeling, time normalization}
}

@article{juang2005automatic,
    title = {{Automatic speech recognition--a brief history of the technology development}},
    year = {2005},
    journal = {Georgia Institute of Technology. Atlanta Rutgers University and the University of California. Santa Barbara},
    author = {Juang, Biing-Hwang and Rabiner, Lawrence R},
    pages = {67},
    volume = {1},
    url = {https://ac.els-cdn.com/B0080448542009068/3-s2.0-B0080448542009068-main.pdf?_tid=b6eb8f01-bbd4-4838-9972-c37b07d18ae7&acdnat=1539159710_bddfc463a3f1362381856ce2993d79ab}
}

@article{Schutte2017,
    title = {{Autonomous Navigation for Reinforcement Learning UAVs Employing Deep-Q Networks Semester Project}},
    year = {2017},
    author = {Sch{\"{u}}tte, Maximilian},
    number = {June}
}

@article{Courbariaux2015,
    title = {{BinaryConnect: Training Deep Neural Networks with binary weights during propagations}},
    year = {2015},
    author = {Courbariaux, Matthieu and Bengio, Yoshua and David, Jean-Pierre},
    month = {11},
    pages = {9},
    url = {http://arxiv.org/abs/1511.00363},
    arxivId = {1511.00363}
}

@book{arslan2007cognitive,
    title = {{Cognitive radio, software defined radio, and adaptive wireless systems}},
    year = {2007},
    author = {Arslan, Hüseyin},
    publisher = {Springer}
}

@article{Ahmed2018,
    title = {{Deep Learning for Radio Resource Allocation in Multi-Cell Networks}},
    year = {2018},
    author = {Ahmed, K. I. and Tabassum, H. and Hossain, E.},
    month = {8},
    url = {http://arxiv.org/abs/1808.00667},
    arxivId = {1808.00667}
}

@article{Naparstek2017,
    title = {{Deep Multi-User Reinforcement Learning for Distributed Dynamic Spectrum Access}},
    year = {2017},
    author = {Naparstek, Oshri and Cohen, Kobi},
    month = {4},
    url = {http://arxiv.org/abs/1704.02613},
    arxivId = {1704.02613}
}

@article{Lee,
    title = {{Deep Power Control: Transmit Power Control Scheme Based on Convolutional Neural Network}},
    journal = {ieeexplore.ieee.org},
    author = {Lee, W and Kim, M and Letters, DH Cho - IEEE Communications and 2018, undefined},
    url = {https://ieeexplore.ieee.org/abstract/document/8335785/}
}

@article{Lee2018,
    title = {{Deep Power Control: Transmit Power Control Scheme Based on Convolutional Neural Network}},
    year = {2018},
    journal = {IEEE Communications Letters},
    author = {Lee, Woongsup and Kim, Minhoe and Cho, Dong-Ho},
    number = {6},
    month = {6},
    pages = {1276--1279},
    volume = {22},
    url = {https://ieeexplore.ieee.org/document/8335785/},
    doi = {10.1109/LCOMM.2018.2825444},
    issn = {1089-7798}
}

@article{Nasir2018,
    title = {{Deep Reinforcement Learning for Distributed Dynamic Power Allocation in Wireless Networks}},
    year = {2018},
    author = {Nasir, Yasar Sinan and Guo, Dongning},
    month = {8},
    url = {http://arxiv.org/abs/1808.00490},
    arxivId = {1808.00490}
}

@article{wang2018deep,
    title = {{Deep reinforcement learning for dynamic multichannel access in wireless networks}},
    year = {2018},
    journal = {IEEE Transactions on Cognitive Communications and Networking},
    author = {Wang, Shangxing and Liu, Hanpeng and Gomes, Pedro Henrique and Krishnamachari, Bhaskar},
    publisher = {IEEE}
}

@article{Ye2017,
    title = {{Deep Reinforcement Learning for Resource Allocation in V2V Communications}},
    year = {2017},
    journal = {ieeexplore.ieee.org},
    author = {Ye, Hao and Li, Geoffrey Ye},
    url = {https://ieeexplore.ieee.org/abstract/document/8422586/ http://arxiv.org/abs/1711.00968},
    isbn = {9781538631805},
    doi = {10.1109/ICC.2018.8422586},
    issn = {15503607},
    arxivId = {1711.00968}
}

@inproceedings{ye2018deep,
    title = {{Deep reinforcement learning for resource allocation in V2V communications}},
    year = {2018},
    booktitle = {2018 IEEE International Conference on Communications (ICC)},
    author = {Ye, Hao and Li, Geoffrey Ye},
    pages = {1--6},
    organization = {IEEE}
}

@inproceedings{karpathy2015deep,
    title = {{Deep visual-semantic alignments for generating image descriptions}},
    year = {2015},
    booktitle = {Proceedings of the IEEE conference on computer vision and pattern recognition},
    author = {Karpathy, Andrej and Fei-Fei, Li},
    pages = {3128--3137}
}

@article{Yua,
    title = {{Deep-reinforcement learning multiple access for heterogeneous wireless networks}},
    journal = {ieeexplore.ieee.org},
    author = {Yu, Y and Wang, T and Conference, SC Liew - 2018 IEEE International and 2018, undefined},
    url = {https://ieeexplore.ieee.org/abstract/document/8422168/similar}
}

@article{Yu,
    title = {{Deep-reinforcement learning multiple access for heterogeneous wireless networks}},
    journal = {ieeexplore.ieee.org},
    author = {Yu, Y and Wang, T},
    url = {https://ieeexplore.ieee.org/abstract/document/8422168/similar}
}

@article{Yu2017,
    title = {{Deep-Reinforcement Learning Multiple Access for Heterogeneous Wireless Networks}},
    year = {2017},
    author = {Yu, Yiding and Wang, Taotao and Liew, Soung Chang},
    month = {11},
    url = {http://arxiv.org/abs/1712.00162},
    arxivId = {1712.00162}
}

@article{Hager2017,
    title = {{Design of a Hybrid Transient Vision Node}},
    year = {2017},
    author = {Hager, Pascal Alexander},
    number = {June}
}

@article{cheema2018dilated,
    title = {{Dilated Temporal Fully-Convolutional Network for Semantic Segmentation of Motion Capture Data}},
    year = {2018},
    journal = {arXiv preprint arXiv:1806.09174},
    author = {Cheema, Noshaba and Hosseini, Somayeh and Sprenger, Janis and Herrmann, Erik and Du, Han and Fischer, Klaus and Slusallek, Philipp},
    url = {https://arxiv.org/abs/1806.09174}
}

@article{galindo2010distributed,
    title = {{Distributed Q-learning for aggregated interference control in cognitive radio networks}},
    year = {2010},
    journal = {IEEE Transactions on Vehicular Technology},
    author = {Galindo-Serrano, Ana and Giupponi, Lorenza},
    number = {4},
    pages = {1823--1834},
    volume = {59},
    publisher = {IEEE}
}

@article{wang2015dueling,
    title = {{Dueling network architectures for deep reinforcement learning}},
    year = {2015},
    journal = {arXiv preprint arXiv:1511.06581},
    author = {Wang, Ziyu and Schaul, Tom and Hessel, Matteo and Van Hasselt, Hado and Lanctot, Marc and De Freitas, Nando}
}

@article{LIANG20181072,
    title = {{FP-BNN: Binarized neural network on FPGA}},
    year = {2018},
    journal = {Neurocomputing},
    author = {Liang, Shuang and Yin, Shouyi and Liu, Leibo and Luk, Wayne and Wei, Shaojun},
    pages = {1072--1086},
    volume = {275},
    url = {http://www.sciencedirect.com/science/article/pii/S0925231217315655},
    doi = {https://doi.org/10.1016/j.neucom.2017.09.046},
    issn = {0925-2312},
    keywords = {Binarized neural network, FPGA, Hardware accelerator}
}

@inproceedings{sutskever2011generating,
    title = {{Generating text with recurrent neural networks}},
    year = {2011},
    booktitle = {Proceedings of the 28th International Conference on Machine Learning (ICML-11)},
    author = {Sutskever, Ilya and Martens, James and Hinton, Geoffrey E},
    pages = {1017--1024}
}

@article{mnih2015human,
    title = {{Human-level control through deep reinforcement learning}},
    year = {2015},
    journal = {Nature},
    author = {Mnih, Volodymyr and Kavukcuoglu, Koray and Silver, David and Rusu, Andrei A and Veness, Joel and Bellemare, Marc G and Graves, Alex and Riedmiller, Martin and Fidjeland, Andreas K and Ostrovski, Georg and {others}},
    number = {7540},
    pages = {529},
    volume = {518},
    publisher = {Nature Publishing Group}
}

@article{Andri,
    title = {{Hyperdrive : A Systolically Scalable Binary-Weight CNN Inference Engine for mW IoT End-Nodes}},
    author = {Andri, Renzo and Cavigelli, Lukas and Rossi, Davide and Benini, Luca}
}

@article{Baer2014,
    title = {{Implementation and Optimization of the OpenRISC Processor}},
    year = {2014},
    author = {Baer, Matthias},
    number = {February}
}

@inproceedings{simsek2011improved,
    title = {{Improved decentralized Q-learning algorithm for interference reduction in LTE-femtocells}},
    year = {2011},
    booktitle = {Wireless Advanced (WiAd), 2011},
    author = {Simsek, Meryem and Czylwik, Andreas and Galindo-Serrano, Ana and Giupponi, Lorenza},
    pages = {138--143},
    organization = {IEEE}
}

@inproceedings{Jouppi2017,
    title = {{In-Datacenter Performance Analysis of a Tensor Processing Unit​ TM}},
    year = {2017},
    booktitle = {International Symposium on Computer Architecture (ISCA)},
    author = {Jouppi, Norman P and Young, Cliff and Patil, Nishant and Patterson, David and Agrawal, Gaurav and Bajwa, Raminder and Bates, Sarah and Bhatia, Suresh and Boden, Nan and Borchers, Al and Boyle, Rick and Cantin, Pierre-Luc and Chao, Clifford and Clark, Chris and Coriell, Jeremy and Daley, Mike and Dau, Matt and Dean, Jeffrey and Gelb, Ben and Ghaemmaghami, Tara Vazir and Gottipati, Rajendra and Gulland, William and Hagmann, Robert and Ho, C Richard and Hogberg, Doug and Hu, John and Hundt, Robert and Hurt, Dan and Ibarz, Julian and Jaffey, Aaron and Jaworski, Alek and Kaplan, Alexander and Khaitan, Harshit and Koch, Andy and Kumar, Naveen and Lacy, Steve and Laudon, James and Law, James and Le, Diemthu and Leary, Chris and Liu, Zhuyuan and Lucke, Kyle and Lundin, Alan and Mackean, Gordon and Maggiore, Adriana and Mahony, Maire and Miller, Kieran and Nagarajan, Rahul and Narayanaswami, Ravi and Ni, Ray and Nix, Kathy and Norrie, Thomas and Omernick, Mark and Penukonda, Narayana and Phelps, Andy and Ross, Jonathan and Ross, Matt and Salek, Amir and Samadiani, Emad and Severn, Chris and Sizikov, Gregory and Snelham, Matthew and Souter, Jed and Steinberg, Dan and Swing, Andy and Tan, Mercedes and Thorson, Gregory and Tian, Bo and Toma, Horia and Tuttle, Erick and Vasudevan, Vijay and Walter, Richard and Wang, Walter and Wilcox, Eric and Yoon, Doe Hyun},
    pages = {1--17},
    url = {https://drive.google.com/file/d/0Bx4hafXDDq2EMzRNcy1vSUxtcEk/view http://www.pcworld.com/article/3072256/google-io/googles-tensor-processing-unit-said-to-advance-moores-law-seven-years-into-the-future.html#comments}
}

@article{Eisen,
    title = {{Learning Optimal Resource Allocations in Wireless Systems}},
    journal = {arxiv.org},
    author = {Eisen, M and Zhang, C and Chamon, LFO and {\ldots}, DD Lee - arXiv preprint arXiv and 2018, Undefined},
    url = {https://arxiv.org/abs/1807.08088}
}

@article{calabrese2016learning,
    title = {{Learning radio resource management in 5G networks: Framework, opportunities and challenges}},
    year = {2016},
    journal = {arXiv preprint arXiv:1611.10253},
    author = {Calabrese, Francesco Davide and Wang, Li and Ghadimi, Euhanna and Peters, Gunnar and Soldati, Pablo}
}

@inproceedings{Sun2017,
    title = {{Learning to optimize: Training deep neural networks for wireless resource management}},
    year = {2017},
    booktitle = {2017 IEEE 18th International Workshop on Signal Processing Advances in Wireless Communications (SPAWC)},
    author = {Sun, Haoran and Chen, Xiangyi and Shi, Qingjiang and Hong, Mingyi and Fu, Xiao and Sidiropoulos, Nikos D.},
    month = {7},
    pages = {1--6},
    publisher = {IEEE},
    url = {http://ieeexplore.ieee.org/document/8227766/},
    isbn = {978-1-5090-3009-5},
    doi = {10.1109/SPAWC.2017.8227766}
}

@article{Zihlmann2016,
    title = {{Live-Stream Classification DCNN running on a Zedboard using SDSoC Semester Project}},
    year = {2016},
    author = {Zihlmann, Martin},
    number = {January}
}

@article{hochreiter1997long,
    title = {{Long short-term memory}},
    year = {1997},
    journal = {Neural computation},
    author = {Hochreiter, Sepp and Schmidhuber, Jürgen},
    number = {8},
    pages = {1735--1780},
    volume = {9},
    publisher = {MIT Press}
}

@article{Silver2016,
    title = {{Mastering the game of Go with deep neural networks and tree search}},
    year = {2016},
    journal = {Nature},
    author = {Silver, David and Huang, Aja and Maddison, Chris J. and Guez, Arthur and Sifre, Laurent and van den Driessche, George and Schrittwieser, Julian and Antonoglou, Ioannis and Panneershelvam, Veda and Lanctot, Marc and Dieleman, Sander and Grewe, Dominik and Nham, John and Kalchbrenner, Nal and Sutskever, Ilya and Lillicrap, Timothy and Leach, Madeleine and Kavukcuoglu, Koray and Graepel, Thore and Hassabis, Demis},
    number = {7587},
    pages = {484--489},
    volume = {529},
    publisher = {Nature Publishing Group},
    url = {http://dx.doi.org/10.1038/nature16961},
    isbn = {1476-4687 (Electronic){\textbackslash}r0028-0836 (Linking)},
    doi = {10.1038/nature16961},
    issn = {0028-0836},
    pmid = {26819042}
}

@article{bahdanau2014neural,
    title = {{Neural machine translation by jointly learning to align and translate}},
    year = {2014},
    journal = {arXiv preprint arXiv:1409.0473},
    author = {Bahdanau, Dzmitry and Cho, Kyunghyun and Bengio, Yoshua}
}

@article{kalchbrenner2016neural,
    title = {{Neural machine translation in linear time}},
    year = {2016},
    journal = {arXiv preprint arXiv:1610.10099},
    author = {Kalchbrenner, Nal and Espeholt, Lasse and Simonyan, Karen and Oord, Aaron van den and Graves, Alex and Kavukcuoglu, Koray},
    url = {https://arxiv.org/pdf/1610.10099.pdf}
}

@article{Lin2015,
    title = {{Neural Networks with Few Multiplications}},
    year = {2015},
    author = {Lin, Zhouhan and Courbariaux, Matthieu and Memisevic, Roland and Bengio, Yoshua},
    month = {10},
    pages = {7},
    url = {http://arxiv.org/abs/1510.03009},
    arxivId = {1510.03009}
}

@article{naeem2013optimal,
    title = {{Optimal power allocation for green cognitive radio: fractional programming approach}},
    year = {2013},
    journal = {IET Communications},
    author = {Naeem, Muhammad and Illanko, Kandasamy and Karmokar, Ashok and Anpalagan, Alagan and Jaseemuddin, Muhammad},
    number = {12},
    pages = {1279--1286},
    volume = {7},
    publisher = {IET}
}

@book{Bishop:2006:PRM:1162264,
    title = {{Pattern Recognition and Machine Learning (Information Science and Statistics)}},
    year = {2006},
    author = {Bishop, Christopher M},
    publisher = {Springer-Verlag},
    address = {Berlin, Heidelberg},
    isbn = {0387310738}
}

@article{Challita2017,
    title = {{Proactive Resource Management in LTE-U Systems: A Deep Learning Perspective}},
    year = {2017},
    author = {Challita, Ursula and Dong, Li and Saad, Walid},
    month = {2},
    url = {http://arxiv.org/abs/1702.07031},
    arxivId = {1702.07031}
}

@article{Hubara2016,
    title = {{Quantized Neural Networks: Training Neural Networks with Low Precision Weights and Activations}},
    year = {2016},
    journal = {ArXiv},
    author = {Hubara, Itay and Courbariaux, Matthieu and Soudry, Daniel and El-Yaniv, Ran and Bengio, Yoshua},
    pages = {1--48},
    volume = {1},
    url = {https://arxiv.org/pdf/1609.07061.pdf},
    arxivId = {1609.07061}
}

@book{tripathi2006radio,
    title = {{Radio resource management in cellular systems}},
    year = {2006},
    author = {Tripathi, Nishith D and Reed, Jeffrey H and VanLandingham, Hugh F},
    volume = {618},
    publisher = {Springer Science {\&} Business Media}
}

@article{markov1910research,
    title = {{Research on common case of trials, connected in chain}},
    year = {1910},
    journal = {Zapiski Akademii Nauk po Fiziko-Matematicheskomu Otdeleniyu},
    author = {Markov, A A},
    volume = {8}
}

@article{Fraser2017,
    title = {{Scaling Binarized Neural Networks on Reconfigurable Logic}},
    year = {2017},
    author = {Fraser, Nicholas J and Umuroglu, Yaman and Gambardella, Giulio and Blott, Michaela and Leong, Philip and Jahre, Magnus and Vissers, Kees},
    number = {January},
    url = {https://www.researchgate.net/profile/Yaman_Umuroglu/publication/311791831_Scaling_Binarized_Neural_Networks_on_Reconfigurable_Logic/links/585aa85c08aeffd7c4fe9369.pdf},
    arxivId = {1701.03400}
}

@inproceedings{Gautschi2014,
    title = {{SIR10US: A tightly coupled elliptic-curve cryptography co-processor for the OpenRISC}},
    year = {2014},
    booktitle = {Application-specific Systems, Architectures and Processors (ASAP), 2014 IEEE 25th International Conference on},
    author = {Gautschi, M and Muehlberghuber, M and Traber, A and Stucki, S and Baer, M and Andri, R and Benini, L and Muheim, B and Kaeslin, H},
    pages = {25--29},
    isbn = {9781479936090},
    doi = {10.1109/ASAP.2014.6868626},
    keywords = {coprocessors;embedded systems;public key cryptogra}
}

@article{Munzenrieder2015,
    title = {{Stretchable and Conformable Oxide Thin-Film Electronics}},
    year = {2015},
    journal = {Advanced Electronic Materials},
    author = {M{\"{u}}nzenrieder, Niko and Cantarella, Giuseppe and Vogt, Christian and Petti, Luisa and B{\"{u}}the, Lars and Salvatore, Giovanni A. and Fang, Yang and Andri, Renzo and Lam, Yawhuei and Libanori, Rafael and Widner, Daniel and Studart, André R. and Tr{\"{o}}ster, Gerhard},
    number = {3},
    pages = {n/a-n/a},
    volume = {1},
    url = {http://doi.wiley.com/10.1002/aelm.201400038},
    doi = {10.1002/aelm.201400038},
    issn = {2199160X}
}

@article{Alemdar2016,
    title = {{Ternary Neural Networks for Resource-Efficient AI Applications}},
    year = {2016},
    author = {Alemdar, Hande and Caldwell, Nicholas and Leroy, Vincent and Prost-Boucle, Adrien and P{\'{e}}trot, Frédéric},
    pages = {1--13},
    url = {http://arxiv.org/abs/1609.00222},
    arxivId = {1609.00222}
}

@article{vu2018ultra,
    title = {{Ultra-Reliable Communication in 5G mmWave Networks: A Risk-Sensitive Approach}},
    year = {2018},
    journal = {IEEE Communications Letters},
    author = {Vu, Trung Kien and Bennis, Mehdi and Debbah, Mérouane and Latva-aho, Matti and Hong, Choong Seon},
    number = {4},
    pages = {708--711},
    volume = {22},
    publisher = {IEEE}
}

@article{touati2002utility,
    title = {{Utility based fair bandwidth allocation}},
    year = {2002},
    journal = {Proc. of IASTED NPDPA},
    author = {Touati, Corinne and Altman, Eitan and Galtier, Jérôme},
    pages = {126--131}
}

@article{Mayrhofer2016,
    title = {{VLSI Implementation of a Universal-Number-Unit}},
    year = {2016},
    author = {Mayrhofer, Lucas and Oelen, David}
}

@article{Cramariuc2016,
    title = {{XNOR Networks for Embedded Systems}},
    year = {2016},
    journal = {Semester Thesis at IIS},
    author = {Cramariuc, Andrei}
}

@article{Rastegari2016,
    title = {{XNOR-Net: ImageNet Classification Using Binary Convolutional Neural Networks}},
    year = {2016},
    journal = {Eccv},
    author = {Rastegari, Mohammad and Ordonez, Vicente and Redmon, Joseph and Farhadi, Ali},
    pages = {1--17},
    url = {http://arxiv.org/abs/1603.05279},
    isbn = {9783319464930},
    doi = {10.1007/978-3-319-46493-0},
    issn = {0302-9743},
    pmid = {10463930},
    arxivId = {1603.05279},
    keywords = {binary convolution, binary deep learning, binary neural networks, convolutional neural network, deep learning}
}

@misc{ISVLSI_2018___Hyperdrive3.pdf,
    title = {{ISVLSI{\_}2018{\_}{\_}{\_}Hyperdrive (3).pdf}}
}

@article{NewProducts,
    title = {{New products}}
}

@article{2016SemesterExpected,
    title = {{Semester / Master theses grading help sheet Project : Students : Worse than Expected Better than expected}},
    year = {2016},
    pages = {2016}
}